@article{origin,
  title={Cognitive questions in software visualization},
  author={Petre, M. and Blackwell, AF and Green, TRG},
  journal={Software Visualization: Programming as a Multimedia Experience},
  pages={453--480},
  year={1998},
  publisher={MIT Press}
}